@article{Osada:2019oor,
    author = "Osada, Takeshi and Kumaoka, Takuya",
    title = "{Saturation momentum scale extracted from semi-inclusive transverse spectra in high-energy pp collisions}",
    eprint = "1904.10823",
    archivePrefix = "arXiv",
    primaryClass = "hep-ph",
    doi = "10.1103/PhysRevC.100.034906",
    journal = "Phys. Rev. C",
    volume = "100",
    number = "3",
    pages = "034906",
    year = "2019"
}

@misc{FullJet276AN,
	author = "S.Aiola, C.Loizides, R.Reed",
	title = "{Fully reconstructed jets in Pb$â€“$Pb collisions at  $\sqrt{s_\mathrm{NN}}$ = 2.76 TeV}",
	year = "2017",
	howpublished = "\url{https://alice-notes.web.cern.ch/system/files/notes/analysis/127/2017-Aug-11-analysis_note-analyisis_note-FullJetPbPb11hMB_afterRound1.pdf}"
}
